@article{bellknow2011,
  title={Digital Repository of Information and Knowledge - Fund "BellKnow"},
  author={Kostadinova-Avramova, Maria and Marinov, P. and Parvanova, L.},
  journal={Digital Presentation and Preservation of Cultural and Scientific Heritage},
  volume={1},
  pages={99-108},
  year={2011},
  doi={10.55630/dipp.2011.1.10}
}

@article{campanometry2019,
  title={Campanometry: The statistics of bells},
  author={Lewis, David and Wyse, James},
  journal={Significance},
  volume={16},
  number={6},
  pages={10-15},
  year={2019},
  doi={10.1111/j.1740-9713.2019.01339.x}
}

@article{carboni2017,
  title={Towards a Semantic Documentation of Heritage Objects through Visual and Iconographical Representations},
  author={Carboni, Nicola and De Luca, Livio},
  journal={International Information and Library Review},
  volume={49},
  number={3},
  pages={207-217},
  year={2017},
  doi={10.1080/10572317.2017.1353374}
}

@inproceedings{boochs2013,
  title={Towards a knowledge model bridging Technologies And Applications in Cultural Heritage Documentation},
  author={Boochs, Frank and Tr√©meau, Alain and Murphy, Orla and others},
  booktitle={Proceedings of the XXIV International CIPA Symposium},
  year={2013},
  url={https://www.semanticscholar.org/paper/Towards-a-knowledge-model-bridging-Technologies-And-Boochs-Tr%C3%A9meau/dab142108e58116f21cd815be734b6337196e1aa}
}

@article{diazandreu2021,
  title={Digital cultural heritage standards: from silo to semantic web},
  author={Diaz-Andreu, Margarita and Portillo-Carpintero, Marie},
  journal={AI \& Society},
  volume={37},
  pages={1239-1250},
  year={2021},
  doi={10.1007/s00146-021-01371-1}
}

@book{lehr1997,
  title={Campanologie},
  author={Lehr, Andr{\'e}},
  year={1997},
  publisher={Koninklijke Beiaardschool Mechelen},
  address={Mechelen, Belgium}
}